<record><leader>00000cas a22000007a 4500</leader><controlfield tag="001">11836615</controlfield><controlfield tag="008">850322d18521853ohuwr ne      0   a0eng d</controlfield><datafield ind1=" " ind2=" " tag="010"><subfield code="a">sn 85025647 </subfield></datafield><datafield ind1=" " ind2=" " tag="040"><subfield code="a">NPX</subfield><subfield code="b">eng</subfield><subfield code="c">NPX</subfield><subfield code="d">ONP</subfield><subfield code="d">OCLCQ</subfield><subfield code="d">DLC</subfield></datafield><datafield ind1="0" ind2=" " tag="022"><subfield code="a">2379-3031</subfield><subfield code="2">1</subfield></datafield><datafield ind1=" " ind2=" " tag="042"><subfield code="a">msc</subfield><subfield code="a">nsdp</subfield></datafield><datafield ind1=" " ind2=" " tag="043"><subfield code="a">n-us-oh</subfield></datafield><datafield ind1="0" ind2="0" tag="050"><subfield code="a">Newspaper</subfield></datafield><datafield ind1="0" ind2="0" tag="082"><subfield code="a">071</subfield><subfield code="2">23</subfield></datafield><datafield ind1="0" ind2=" " tag="130"><subfield code="a">Democratic sentinel (Cadiz, Ohio)</subfield></datafield><datafield ind1=" " ind2="4" tag="222"><subfield code="a">The Democratic sentinel</subfield><subfield code="b">(Cadiz, Ohio. Print)</subfield></datafield><datafield ind1="1" ind2="4" tag="245"><subfield code="a">The Democratic sentinel.</subfield></datafield><datafield ind1=" " ind2=" " tag="260"><subfield code="a">Cadiz, Ohio :</subfield><subfield code="b">[Charles N. Allen],</subfield><subfield code="c">1852-1853.</subfield></datafield><datafield ind1=" " ind2=" " tag="300"><subfield code="a">v.</subfield></datafield><datafield ind1=" " ind2=" " tag="310"><subfield code="a">Weekly</subfield></datafield><datafield ind1="0" ind2=" " tag="362"><subfield code="a">Vol. 19, no. 32 (Dec. 8, 1852)-v. 20, no. 36 (Dec. 28, 1853).</subfield></datafield><datafield ind1=" " ind2=" " tag="500"><subfield code="a">Editor: Charles N. Allen, 1852-1853.</subfield></datafield><datafield ind1=" " ind2=" " tag="752"><subfield code="a">United States</subfield><subfield code="b">Ohio</subfield><subfield code="c">Harrison</subfield><subfield code="d">Cadiz.</subfield></datafield><datafield ind1="0" ind2="8" tag="776"><subfield code="i">Online version:</subfield><subfield code="t">Democratic sentinel (Cadiz, Ohio)</subfield><subfield code="x">2379-304X</subfield><subfield code="w">(DLC)  2015218769</subfield><subfield code="w">(OCoLC)909286026</subfield></datafield><datafield ind1="0" ind2="0" tag="780"><subfield code="t">Democratic sentinel and Harrison County farmer</subfield><subfield code="x">2379-3015</subfield><subfield code="w">(DLC)sn 85042199</subfield><subfield code="w">(OCoLC)11891489</subfield></datafield><datafield ind1="0" ind2="0" tag="785"><subfield code="t">Cadiz Democratic sentinel</subfield><subfield code="x">2379-1330</subfield><subfield code="w">(DLC)sn 84028794</subfield><subfield code="w">(OCoLC)11451380</subfield></datafield><datafield ind1="4" ind2="1" tag="856"><subfield code="u">http://www.loc.gov/chroniclingamerica/lccn/sn85025647/issues</subfield></datafield><datafield ind1="1" ind2=" " tag="029"><subfield code="a">AU@</subfield><subfield code="b">000025822394</subfield></datafield></record>